@misc{adminDIYTurbidityMeter2023,
  title = {{{DIY Turbidity Meter}} Using {{Analog Turbidity Sensor}} \& {{Arduino}}},
  author = {Admin},
  year = {2023},
  journal = {How To Electronics},
  url = {https://how2electronics.com/diy-turbidity-meter-using-turbidity-sensor-arduino/},
  urldate = {2023-06-24},
  abstract = {DIY Turbidity Meter by interfacing DfRobot Turbidity Sensor with Arduino \& display the NTU value on LCD Screen. Tubidity Sensor Circuit \& Code},
  langid = {american},
  keywords = {notion},
  file = {C\:\\Users\\robby\\Zotero\\storage\\SK85VREK\\diy-turbidity-meter-using-turbidity-sensor-arduino.html}
}
